@inproceedings{ceaa_2016,
	address = {г. Светлогорск Калининградской обл.},
	title = {Моделирование аэродинамики движущихся тел с использованием сеточной адаптации к погруженным границам на неструктурированных треугольных сетках},
	booktitle = {Сборник тезисов},
	author = {Абалакин, И. В. and Бахвалов, П. А. and Доронина, О. А. and Жданова, Н. С. and Козубская, Т. К.},
	year = {2016},
	language = {russian}
}