@article{abalakin2018russian,
author={Абалакин,И.\:В and Бахвалов, П.\:А. and Доронина, О.\:А. and Жданова, Н.\:С. and Козубская, Т.\:К.},
title={Моделирование аэродинамики движущегося тела, заданного погруженными границами на динамически адаптивной неструктурированной сетке},
journal={Матем. моделирование},
year={2018},
volume={30},
number={5},
pages={57--75},
}

@article{abalakin2019simulating,
	title={Simulating Aerodynanics of a Moving Body Specified by Immersed Boundaries on Dynamically Adaptive Unstructured Meshes},
	author={Abalakin, I.\:V. and Bahvalov, P.\:A. and Doronina, O.\:A. and Zhdanova, N.\:S. and Kozubskaya, TK},
	journal={Mathematical Models and Computer Simulations},
	volume={11},
	number={1},
	pages={35--45},
	year={2019},
	publisher={Springer}
}

@inproceedings{ceaa_2016,
	address = {г. Светлогорск Калининградской обл.},
	title = {Моделирование аэродинамики движущихся тел с использованием сеточной адаптации к погруженным границам на неструктурированных треугольных сетках},
	booktitle = {Сборник тезисов},
	author = {Абалакин, И. В. and Бахвалов, П. А. and Доронина, О. А. and Жданова, Н. С. and Козубская, Т. К.},
	year = {2016}
}