@article{mittal2005immersed,
	title={Immersed boundary methods},
	author={Mittal, Rajat and Iaccarino, Gianluca},
	journal={Annu. Rev. Fluid Mech.},
	volume={37},
	pages={239--261},
	year={2005},
	month={Jan}
}

@article{boiron2009high,
	title={A high-resolution penalization method for large Mach number flows in the presence of obstacles},
	author={Boiron, Olivier and Chiavassa, Guillaume and Donat, Rosa},
	journal={Computers \& fluids},
	volume={38},
	number={3},
	pages={703--714},
	year={2009},
	publisher={Elsevier}
}

@article{brown2014characteristic,
	title={A characteristic based volume penalization method for general evolution problems applied to compressible viscous flows},
	author={Brown-Dymkoski, Eric and Kasimov, Nurlybek and Vasilyev, Oleg V},
	journal={Journal of Computational Physics},
	volume={262},
	pages={344--357},
	year={2014},
	publisher={Elsevier}
}

@book{thompson_handbook_1998,
	title = {Handbook of grid generation},
	publisher = {CRC press},
	author = {Thompson, Joe F. and Soni, Bharat K. and Weatherill, Nigel P.},
	year = {1998}
}

@book{liseikin2009grid,
	title={Grid generation methods},
	author={Liseikin, V. D.},
	year={2009},
	publisher={Springer Science \& Business Media}
}

@book{huang_adaptive_2011,
	address = {New York, NY},
	series = {Applied {Mathematical} {Sciences}},
	title = {Adaptive {Moving} {Mesh} {Methods}},
	volume = {174},
	publisher = {Springer New York},
	author = {Huang, Weizhang and Russell, Robert D.},
	year = {2011}
}

@article{adjerid_high-order_1992,
	title = {High-order adaptive methods for parabolic systems},
	volume = {60},
	number = {1},
	journal = {Physica D: Nonlinear Phenomena},
	author = {Adjerid, S. and Flaherty, J. E. and Moore, P. K. and Wang, Y. J.},
	year = {1992},
	keywords = {paper},
	pages = {94--111}
}

@article{eriksson_adaptive_1991,
	title = {Adaptive finite element methods for parabolic problems {I}: {A} linear model problem},
	volume = {28},
	number = {1},
	journal = {SIAM Journal on Numerical Analysis},
	author = {Eriksson, Kenneth and Johnson, Claes},
	year = {1991},
	pages = {43--77}
}

@article{babuska_p-and_1990,
	title = {The p-and hp versions of the finite element method, an overview},
	volume = {80},
	number = {1-3},
	journal = {Computer Methods in Applied Mechanics and Engineering},
	author = {Babuska, Ivo and Suri, Manil},
	year = {1990},
	pages = {5--26}
}

@article{baker_mesh_1997,
	title = {Mesh adaptation strategies for problems in fluid dynamics},
	volume = {25},
	number = {3},
	journal = {Finite Elements in Analysis and Design},
	author = {Baker, Timothy J.},
	month = {Apr},
	year = {1997},
	pages = {243--273}
}

@article{breslavskii_dynamic_2008,
	title = {Dynamic adaptation method in gasdynamic simulations with nonlinear heat conduction},
	volume = {48},
	number = {11},
	journal = {Computational Mathematics and Mathematical Physics},
	author = {Breslavskii, P. V. and Mazhukin, V. I.},
	month = {Nov},
	year = {2008},
	pages = {2102--2115}
}

@inproceedings{yanenko_methods_1976,
	title = {Methods for the construction of moving grids for problems of fluid dynamics with big deformations},
	booktitle = {Proceedings of the {Fifth} {International} {Conference} on {Numerical} {Methods} in {Fluid} {Dynamics} {June} 28–{July} 2, 1976 {Twente} {University}, {Enschede}},
	publisher = {Springer},
	author = {Yanenko, N. N. and Kroshko, E. A. and Liseikin, V. V. and Fomin, V. M. and Shapeev, V. P. and Shitov, Yu A.},
	year = {1976},
	pages = {454--459}
}

@techreport{winslow_adaptive-mesh_1981,
	title = {Adaptive-mesh zoning by the equipotential method},
	institution = {Lawrence Livermore National Lab., CA (USA)},
	author = {Winslow, Alan M.},
	year = {1981}
}

@article{brackbill_adaptive_1982,
	title = {Adaptive zoning for singular problems in two dimensions},
	volume = {46},
	number = {3},
	journal = {Journal of Computational Physics},
	author = {Brackbill, J. U. and Saltzman, J. S.},
	year = {1982},
	pages = {342--368}
}

@article{dvinsky_adaptive_1991,
	title = {Adaptive grid generation from harmonic maps on {Riemannian} manifolds},
	volume = {95},
	number = {2},
	journal = {Journal of Computational Physics},
	author = {Dvinsky, Arkady S.},
	year = {1991},
	pages = {450--476}
}

@article{knupp_jacobian-weighted_1996,
	title = {Jacobian-weighted elliptic grid generation},
	volume = {17},
	number = {6},
	journal = {SIAM Journal on Scientific Computing},
	author = {Knupp, Patrick M.},
	year = {1996},
	pages = {1475--1490}
}

@article{knupp_framework_2000,
	title = {A framework for variational grid generation: conditioning the {Jacobian} matrix with matrix norms},
	volume = {21},
	number = {6},
	journal = {SIAM Journal on Scientific Computing},
	author = {Knupp, Patrick M. and Robidoux, Nicolas},
	year = {2000},
	pages = {2029--2047}
}

@article{huang_variational_2001,
	title = {Variational mesh adaptation: isotropy and equidistribution},
	volume = {174},
	shorttitle = {Variational mesh adaptation},
	number = {2},
	journal = {Journal of Computational Physics},
	author = {Huang, Weizhang},
	year = {2001},
	pages = {903--924}
}
%%%%%
@article{huang_comparative_2015,
	title = {A comparative numerical study of meshing functionals for variational mesh adaptation},
	journal = {arXiv preprint arXiv:1503.04709},
	author = {Huang, Weizhang and Kamenski, Lennard and Russell, Robert D.},
	year = {2015}
}

@article{huang_moving_1994,
	title = {Moving mesh partial differential equations ({MMPDES}) based on the equidistribution principle},
	volume = {31},
	number = {3},
	journal = {SIAM Journal on Numerical Analysis},
	author = {Huang, Weizhang and Ren, Yuhe and Russell, Robert D.},
	year = {1994},
	pages = {709--730}
}

@article{huang_high_1998,
	title = {A high dimensional moving mesh strategy},
	volume = {26},
	number = {1},
	journal = {Applied Numerical Mathematics},
	author = {Huang, Weizhang and Russell, Robert D.},
	year = {1998},
	pages = {63--76}
}

@article{huang_moving_1998,
	title = {Moving mesh strategy based on a gradient flow equation for two-dimensional problems},
	volume = {20},
	number = {3},
	urldate = {2016-05-25},
	journal = {SIAM Journal on Scientific Computing},
	author = {Huang, Weizhang and Russell, Robert D.},
	year = {1998},
	pages = {998--1015}
}

@article{huang_analysis_1997,
	title = {Analysis of moving mesh partial differential equations with spatial smoothing},
	volume = {34},
	number = {3},
	journal = {SIAM Journal on Numerical Analysis},
	author = {Huang, Weizhang and Russell, Robert D.},
	year = {1997},
	pages = {1106--1126},
}

@article{huang_practical_2001,
	title = {Practical aspects of formulation and solution of moving mesh partial differential equations},
	volume = {171},
	number = {2},
	journal = {Journal of Computational Physics},
	author = {Huang, Weizhang},
	year = {2001},
	pages = {753--775}
}

@article{budd_adaptivity_2009,
	title = {Adaptivity with moving grids},
	volume = {18},
	journal = {Acta Numerica},
	author = {Budd, Chris J. and Huang, Weizhang and Russell, Robert D.},
	month = {May},
	year = {2009},
	pages = {111}
}

@article{cao_study_1999,
	title = {A study of monitor functions for two-dimensional adaptive mesh generation},
	volume = {20},
	number = {6},
	journal = {SIAM Journal on Scientific Computing},
	author = {Cao, Weiming and Huang, Weizhang and Russell, Robert D.},
	year = {1999},
	pages = {1978--1994}
}

@article{jasak_automatic_2006,
	title = {Automatic mesh motion for the unstructured finite volume method},
	volume = {30},
	number = {2},
	journal = {Transactions of FAMENA},
	author = {Jasak, Hrvoje and Tukovic, Zeljko},
	year = {2006},
	pages = {1--20}
}

@article{tukovic_moving_2012,
	title = {A moving mesh finite volume interface tracking method for surface tension dominated interfacial fluid flow},
	volume = {55},
	journal = {Computers \& fluids},
	author = {Tukovic, Zeljko and Jasak, Hrvoje},
	year = {2012},
	pages = {70--84}
}

@inproceedings{jasak_dynamic_2010,
	title = {Dynamic mesh handling in {OpenFOAM} applied to fluid-structure interaction simulations},
	booktitle = {Proceedings of the {V} {European} {Conference} {Computational} {Fluid} {Dynamics}, {Lisbon}, {Portugal}, {June}},
	author = {Jasak, Hrvoje and Tukovic, Zeljko},
	year = {2010},
	pages = {14--17}
}

@article{abalakin2015,
	title={Реализация метода погруженных границ для моделирования задач внешнего обтекания на неструктурированных сетках},
	author={Абалакин, И. В. and Жданова, Н. С. and Козубская, Т. К.},
	journal={Математическое моделирование},
	volume={27},
	number={10},
	pages={5--20},
	year={2015}
}

@article{abalakin2018,
	title={Моделирование нестационарного турбулентного течения вокруг цилиндра методом погруженных границ},
	author={Абалакин, И. В. and Дубень, А. П. and Жданова, Н. С. and Козубская, Т. К.},
	journal={Математическое моделирование},
	volume={30},
	number={5},
	pages={117--133},
	year={2018}
}

@article{abalakin2016edge,
	title={Edge-based reconstruction schemes for unstructured tetrahedral meshes},
	author={Abalakin, Ilya and Bakhvalov, Pavel and Kozubskaya, Tatiana},
	journal={International journal for numerical methods in fluids},
	volume={81},
	number={6},
	pages={331--356},
	year={2016},
	publisher={Wiley Online Library}
}
@article{hirt1974arbitrary,
	title={An arbitrary Lagrangian-Eulerian computing method for all flow speeds},
	author={Hirt, Cyrill W and Amsden, Anthony A and Cook, JL},
	journal={Journal of computational physics},
	volume={14},
	number={3},
	pages={227--253},
	year={1974},
	publisher={Elsevier}
}

@article{golovizin1981,
	title={Вариационный принцип получения уравнений магнитной гидродинамики в смешанных эйлерово-лагранжевых переменных},
	author={Головизнин, В. М. and Самарский, А. А. and Фаворский, А. П.},
	journal={Журнал вычислительной математики и математической физики},
	volume={21},
	number={2},
	pages={409--422},
	year={1981}
}

@article{budak2002,
	title={Кратные интегралы и ряды},
	author={Будак, Б. М. and Фомин, С. В.},
	year={2002}
}
@article{henderson1997nonlinear,
	title={Nonlinear dynamics and pattern formation in turbulent wake transition},
	author={Henderson, Ronald D},
	journal={Journal of Fluid Mechanics},
	volume={352},
	pages={65--112},
	year={1997},
	publisher={Cambridge University Press}
}

@article{abalakin2019ibm,
	title={Simulating an Unsteady Turbulent Flow around a Cylinder by the Immersed Boundary Method},
	author={Abalakin, I.\:V. and Duben, A.\:P. and Zhdanova, N.\:S. and Kozubskaya, T.\:K.},
	journal={Mathematical Models and Computer Simulations},
	volume={11},
	number={1},
	pages={74--85},
	year={2019},
	publisher={Springer}
}

@inproceedings{kozubskaya2019numerical,
	title={Numerical Simulation of Slat Noise of High-Lift Devices Using Immersed Boundary Method on Unstructured Meshes},
	author={Kozubskaya, Tatiana and Abalakin, Ilya and Duben, Alexey and Gorobets, Andrey and Zhdanova, Natalia},
	booktitle={25th AIAA/CEAS Aeroacoustics Conference},
	pages={2461},
	year={2019}
}